<record><leader>00000cas a22000007a 4500</leader><controlfield tag="001">10437404</controlfield><controlfield tag="008">840221d18401841pauwr ne      0    0eng d</controlfield><datafield ind1=" " ind2=" " tag="010"><subfield code="a">sn 84026433 </subfield></datafield><datafield ind1=" " ind2=" " tag="040"><subfield code="a">NPU</subfield><subfield code="b">eng</subfield><subfield code="c">NPU</subfield><subfield code="d">DLC</subfield><subfield code="d">NPU</subfield><subfield code="d">DLC</subfield><subfield code="d">NPX</subfield><subfield code="d">NPH</subfield><subfield code="d">OCLCQ</subfield></datafield><datafield ind1="0" ind2=" " tag="041"><subfield code="a">engger</subfield></datafield><datafield ind1=" " ind2=" " tag="042"><subfield code="a">msc</subfield></datafield><datafield ind1="0" ind2="0" tag="050"><subfield code="a">Newspaper 9375-X</subfield></datafield><datafield ind1="0" ind2="0" tag="245"><subfield code="a">Grund's Pennsylvania German.</subfield></datafield><datafield ind1="3" ind2="0" tag="246"><subfield code="a">Grund's Pennsylvanischer Deutscher</subfield></datafield><datafield ind1="3" ind2="0" tag="246"><subfield code="a">Pennsylvanischer Deutscher</subfield></datafield><datafield ind1="3" ind2="0" tag="246"><subfield code="a">Pennsylvania German</subfield></datafield><datafield ind1=" " ind2=" " tag="260"><subfield code="a">Philadelphia [Pa.] :</subfield><subfield code="b">F.J. Grund</subfield></datafield><datafield ind1=" " ind2=" " tag="300"><subfield code="a">v. ;</subfield><subfield code="c">62 cm.</subfield></datafield><datafield ind1=" " ind2=" " tag="310"><subfield code="a">Weekly</subfield></datafield><datafield ind1="1" ind2=" " tag="362"><subfield code="a">Began with Aug. 1, 1840 issue; ceased with Mar. 13, 1841 issue?</subfield><subfield code="z">Cf. Arndt &amp; Olson. German-Amer. newspapers &amp; periodicals, 1961.</subfield></datafield><datafield ind1=" " ind2=" " tag="500"><subfield code="a">Sometimes published as: Grund's Pennsylvanischer Deutscher; Pennsylvanischer Deutscher.</subfield></datafield><datafield ind1=" " ind2=" " tag="546"><subfield code="a">In English and German, &lt;Sept. 12-Oct. 31,&gt; 1840; in German, &lt;Nov. 28,&gt; 1840-1841.</subfield></datafield><datafield ind1=" " ind2=" " tag="588"><subfield code="a">Description based on: Vol. 1, no. 27 (Sept. 12, 1840).</subfield></datafield><datafield ind1="1" ind2=" " tag="700"><subfield code="a">Grund, Franz Joseph.</subfield></datafield><datafield ind1=" " ind2=" " tag="752"><subfield code="a">United States</subfield><subfield code="b">Pennsylvania</subfield><subfield code="c">Philadelphia</subfield><subfield code="d">Philadelphia.</subfield></datafield><datafield ind1="0" ind2="0" tag="780"><subfield code="t">Pennsylvania German</subfield><subfield code="w">(DLC)sn 86072114</subfield></datafield><datafield ind1="1" ind2=" " tag="029"><subfield code="a">AU@</subfield><subfield code="b">000025784001</subfield></datafield></record>